@article{tarashansky2021mapping,
  title={Mapping single-cell atlases throughout Metazoa unravels cell type evolution},
  author={Tarashansky, Alexander J and Musser, Jacob M and Khariton, Margarita and Li, Pengyang and Arendt, Detlev and Quake, Stephen R and Wang, Bo},
  journal={Elife},
  volume={10},
  pages={e66747},
  year={2021},
  publisher={eLife Sciences Publications, Ltd}
}

@article{welch2019single,
  title={Single-cell multi-omic integration compares and contrasts features of brain cell identity},
  author={Welch, Joshua D and Kozareva, Velina and Ferreira, Ashley and Vanderburg, Charles and Martin, Carly and Macosko, Evan Z},
  journal={Cell},
  volume={177},
  number={7},
  pages={1873--1887},
  year={2019},
  publisher={Elsevier}
}

@article{bisong2019matplotlib,
  title={Matplotlib and seaborn},
  author={Bisong, Ekaba and Bisong, Ekaba},
  journal={Building Machine Learning and Deep Learning Models on Google Cloud Platform: A Comprehensive Guide for Beginners},
  pages={151--165},
  year={2019},
  publisher={Springer}
}